@article{ABFJ:Goodwillie,
   title={Goodwillie’s calculus of functors and higher topos theory},
   volume={11},
   ISSN={1753-8416},
   url={http://dx.doi.org/10.1112/topo.12082},
   DOI={10.1112/topo.12082},
   number={4},
   journal={Journal of Topology},
   publisher={Wiley},
   author={Anel, M. and Biedermann, G. and Finster, E. and Joyal, A.},
   year={2018},
   month={Oct},
   pages={1100–1132}
}

@misc{ABFJ:Blakers.Massey,
    title={A Generalized Blakers-Massey Theorem},
    author={Mathieu Anel and Georg Biedermann and Eric Finster and André Joyal},
    year={2017},
    eprint={1703.09050},
    archivePrefix={arXiv},
    primaryClass={math.AT}
}

@misc{GHK:Analytic.Monads,
    title={$\infty$-Operads as Analytic Monads},
    author={David Gepner and Rune Haugseng and Joachim Kock},
    year={2017},
    eprint={1712.06469},
    archivePrefix={arXiv},
    primaryClass={math.AT}
}

@inproceedings{abbott2003categories,
  title={Categories of Containers},
  author={Michael Gordon Abbott and Thorsten Altenkirch and Neil Ghani},
  booktitle={FoSSaCS},
  year={2003}
}

@article{abbott2005containers,
title = "Containers: Constructing strictly positive types",
journal = "Theoretical Computer Science",
volume = "342",
number = "1",
pages = "3 - 27",
year = "2005",
note = "Applied Semantics: Selected Topics",
author = "Michael Abbott and Thorsten Altenkirch and Neil Ghani",
}

@phdthesis{abbot2003categoriesthesis,
  author       = {Michael Gordon Abbott}, 
  title        = {Categories of Containers},
  school       = {University of Leicester},
  year         = 2003,
  month        = 8,
}

@article{kock2012polynomial,
   title={Polynomial functors and polynomial monads},
   volume={154},
   number={1},
   journal={Mathematical Proceedings of the Cambridge Philosophical Society},
   publisher={Cambridge University Press (CUP)},
   author={Gambino, Nicola and Kock, Joachim},
   year={2012},
   month={09},
   pages={153–192}
}